<?xml version="1.0" encoding="UTF-8"?><collection xmlns="http://www.loc.gov/MARC21/slim"><record><leader>00305nam--2200133-i-4500</leader><controlfield tag="001">000033928</controlfield><controlfield tag="002">20161230</controlfield><controlfield tag="005">20161230201039</controlfield><controlfield tag="008">060222s1000------------r-----000-0-eng-d</controlfield><datafield ind1=" " ind2=" " tag="080"><subfield code="a">681.31</subfield></datafield><datafield ind1=" " ind2=" " tag="100"><subfield code="a">Morris, N.M</subfield></datafield><datafield ind1=" " ind2=" " tag="245"><subfield code="a">Logic circuits</subfield></datafield><datafield ind1=" " ind2=" " tag="260"><subfield code="a">London, Mcgraw-hill, 1969, X + 189p</subfield></datafield><datafield ind1=" " ind2=" " tag="852"><subfield code="a">35238</subfield></datafield></record></collection>